@article{zhu2014robust,
  title={A robust method for coarse classifier construction from a large number of basic recognizers for on-line handwritten Chinese/Japanese character recognition},
  author={Zhu, Bilan and Nakagawa, Masaki},
  journal={Pattern Recognition},
  volume={47},
  number={2},
  pages={685--693},
  year={2014},
  publisher={Elsevier}
}

@inproceedings{ciresan2012multi,
  title={Multi-column deep neural networks for image classification},
  author={Ciresan, Dan and Meier, Ueli and Schmidhuber, J{\"u}rgen},
  booktitle={Computer Vision and Pattern Recognition (CVPR), 2012 IEEE Conference on},
  pages={3642--3649},
  year={2012},
  organization={IEEE}
}

@inproceedings{nakai2001substroke,
  title={Substroke approach to HMM-based on-line Kanji handwriting recognition},
  author={Nakai, Mitsuru and Akira, Naoto and Shimodaira, Hiroshi and Sagayama, Shigeki},
  booktitle={Document Analysis and Recognition, 2001. Proceedings. Sixth International Conference on},
  pages={491--495},
  year={2001},
  organization={IEEE}
}

@inproceedings{simard2003best,
  title={Best practices for convolutional neural networks applied to visual document analysis},
  author={Simard, Patrice Y and Steinkraus, Dave and Platt, John C},
  booktitle={2013 12th International Conference on Document Analysis and Recognition},
  volume={2},
  pages={958--958},
  year={2003},
  organization={IEEE Computer Society}
}

@book{hadamitzky2012japanese,
  title={Japanese Kanji \& Kana: A Complete Guide to the Japanese Writing System (2,136 Kanji Characters and 92 Kana Phonetic Symbols)},
  author={Hadamitzky, W. and Spahn, M.},
  isbn={9784805311165},
  lccn={2011045143},
  year={2012},
  publisher={Tuttle Publishing}
}

@book{mardia2005multivariate,
  title={Multivariate Analysis},
  author={Mardia, K.V. and Kent, J.T. and Bibby, J.M. and Holmes, S.},
  isbn={9780124712515},
  series={Probability and Mathematical Statistics Series},
  year={2005},
  publisher={Elsevier Academic Press}
}

@inproceedings{arthur2007k,
  title={k-means++: The advantages of careful seeding},
  author={Arthur, David and Vassilvitskii, Sergei},
  booktitle={Proceedings of the eighteenth annual ACM-SIAM symposium on Discrete algorithms},
  pages={1027--1035},
  year={2007},
  organization={Society for Industrial and Applied Mathematics}
}

@article{drineas2004clustering,
  title={Clustering large graphs via the singular value decomposition},
  author={Drineas, Petros and Frieze, Alan and Kannan, Ravi and Vempala, Santosh and Vinay, V},
  journal={Machine learning},
  volume={56},
  number={1-3},
  pages={9--33},
  year={2004},
  publisher={Springer}
}
